<?xml version="1.0" encoding="utf-8" standalone="yes"?>
<Document xmlns="urn:iso:std:iso:20022:tech:xsd:camt.053.001.02">
  <BkToCstmrStmt>
    <GrpHdr>
      <MsgId>CAMT053SNS000000000029</MsgId>
      <CreDtTm>2023-06-01T15:21:18.712987+02:00</CreDtTm>
    </GrpHdr>
    <Stmt>
      <Id>CAMT05300000000002900003</Id>
      <ElctrncSeqNb>23152</ElctrncSeqNb>
      <CreDtTm>2023-06-01T15:21:19.078184+02:00</CreDtTm>
      <Acct>
        <Id>
          <IBAN>NL20LPLN0892606304</IBAN>
        </Id>
        <Ccy>EUR</Ccy>
        <Svcr>
          <FinInstnId>
            <BIC>SNSBNL2A</BIC>
          </FinInstnId>
        </Svcr>
      </Acct>
      <Bal>
        <Tp>
          <CdOrPrtry>
            <Cd>OPBD</Cd>
          </CdOrPrtry>
        </Tp>
        <Amt Ccy="EUR">250</Amt>
        <CdtDbtInd>CRDT</CdtDbtInd>
        <Dt>
          <Dt>2023-05-24</Dt>
        </Dt>
      </Bal>
      <Bal>
        <Tp>
          <CdOrPrtry>
            <Cd>CLBD</Cd>
          </CdOrPrtry>
        </Tp>
        <Amt Ccy="EUR">250.00</Amt>
        <CdtDbtInd>CRDT</CdtDbtInd>
        <Dt>
          <Dt>2023-05-24</Dt>
        </Dt>
      </Bal>
      <Ntry>
        <NtryRef>20230525-876868</NtryRef>
        <Amt Ccy="EUR">0.75</Amt>
        <CdtDbtInd>DBIT</CdtDbtInd>
        <RvslInd>false</RvslInd>
        <Sts>BOOK</Sts>
        <BookgDt>
          <Dt>2023-05-24</Dt>
        </BookgDt>
        <ValDt>
          <Dt>2023-05-24</Dt>
        </ValDt>
        <BkTxCd>
          <Prtry>
            <Cd>7227</Cd>
            <Issr>SNSBANK</Issr>
          </Prtry>
        </BkTxCd>
        <NtryDtls>
          <TxDtls>
            <RmtInf>
              <Ustrd>Kosten extra betaalpas met nr. 005</Ustrd>
            </RmtInf>
          </TxDtls>
        </NtryDtls>
      </Ntry>
      <Ntry>
        <NtryRef>20230525-876858</NtryRef>
        <Amt Ccy="EUR">2.55</Amt>
        <CdtDbtInd>DBIT</CdtDbtInd>
        <RvslInd>false</RvslInd>
        <Sts>BOOK</Sts>
        <BookgDt>
          <Dt>2023-05-24</Dt>
        </BookgDt>
        <ValDt>
          <Dt>2023-05-24</Dt>
        </ValDt>
        <BkTxCd>
          <Prtry>
            <Cd>7241</Cd>
            <Issr>SNSBANK</Issr>
          </Prtry>
        </BkTxCd>
        <NtryDtls>
          <TxDtls>
            <RmtInf>
              <Ustrd>Kosten gebruik betaalrekening inclusief 1 betaalpas</Ustrd>
            </RmtInf>
          </TxDtls>
        </NtryDtls>
      </Ntry>
      <Ntry>
        <NtryRef>20230524-503342</NtryRef>
        <Amt Ccy="EUR">3.3</Amt>
        <CdtDbtInd>CRDT</CdtDbtInd>
        <RvslInd>false</RvslInd>
        <Sts>BOOK</Sts>
        <BookgDt>
          <Dt>2023-05-24</Dt>
        </BookgDt>
        <ValDt>
          <Dt>2023-05-24</Dt>
        </ValDt>
        <BkTxCd>
          <Prtry>
            <Cd>8809</Cd>
            <Issr>SNSBANK</Issr>
          </Prtry>
        </BkTxCd>
        <NtryDtls>
          <TxDtls>
            <Refs>
              <InstrId>INNDNL2U20240523000158310020266</InstrId>
              <EndToEndId>NOTPROVIDED</EndToEndId>
              <TxId>CPU4YFHBLHF954UUXX9Y0HYAT1TN</TxId>
            </Refs>
            <RltdPties>
              <Dbtr>
                <Nm>a Acchouder 1a, a Acchouder 2</Nm>
              </Dbtr>
              <DbtrAcct>
                <Id>
                  <IBAN>NL94COBA0678011583</IBAN>
                </Id>
              </DbtrAcct>
            </RltdPties>
            <RltdAgts>
              <DbtrAgt>
                <FinInstnId>
                  <BIC>INGBNL2A</BIC>
                </FinInstnId>
              </DbtrAgt>
            </RltdAgts>
            <RmtInf>
              <Ustrd>Bankkosten</Ustrd>
            </RmtInf>
          </TxDtls>
        </NtryDtls>
      </Ntry>
    </Stmt>
  </BkToCstmrStmt>
</Document>