<?xml version="1.0" encoding="UTF-8" standalone="yes"?>
<Document xmlns="urn:iso:std:iso:20022:tech:xsd:camt.053.001.02">
    <BkToCstmrStmt>
        <GrpHdr>
            <MsgId>CAMT053SNS173857979754</MsgId>
            <CreDtTm>2025-02-03T11:49:57.549469+01:00</CreDtTm>
        </GrpHdr>
        <Stmt>
            <Id>CAMT05317385797975200000</Id>
            <ElctrncSeqNb>25034</ElctrncSeqNb>
            <CreDtTm>2025-02-03T11:49:57.522393+01:00</CreDtTm>
            <Acct>
                <Id>
                    <IBAN>NL20LPLN0892606304</IBAN>
                </Id>
                <Ccy>EUR</Ccy>
                <Svcr>
                    <FinInstnId>
                        <BIC>SNSBNL2A</BIC>
                    </FinInstnId>
                </Svcr>
            </Acct>
            <Bal>
                <Tp>
                    <CdOrPrtry>
                        <Cd>OPBD</Cd>
                    </CdOrPrtry>
                </Tp>
                <Amt Ccy="EUR">250.00</Amt>
                <CdtDbtInd>CRDT</CdtDbtInd>
                <Dt>
                    <Dt>2024-12-31</Dt>
                </Dt>
            </Bal>
            <Bal>
                <Tp>
                    <CdOrPrtry>
                        <Cd>CLBD</Cd>
                    </CdOrPrtry>
                </Tp>
                <Amt Ccy="EUR">250.00</Amt>
                <CdtDbtInd>CRDT</CdtDbtInd>
                <Dt>
                    <Dt>2025-02-03</Dt>
                </Dt>
            </Bal>
 4          <Ntry>
                <NtryRef>20250124-547785</NtryRef>
                <Amt Ccy="EUR">4.20</Amt>
                <CdtDbtInd>CRDT</CdtDbtInd>
                <RvslInd>false</RvslInd>
                <Sts>BOOK</Sts>
                <BookgDt>
                    <Dt>2025-01-24</Dt>
                </BookgDt>
                <ValDt>
                    <Dt>2025-01-24</Dt>
                </ValDt>
                <BkTxCd>
                    <Domn>
                        <Cd>PMNT</Cd>
                        <Fmly>
                            <Cd>RCDT</Cd>
                            <SubFmlyCd>ESCT</SubFmlyCd>
                        </Fmly>
                    </Domn>
                    <Prtry>
                        <Cd>8809</Cd>
                        <Issr>SNSBANK</Issr>
                    </Prtry>
                </BkTxCd>
                <NtryDtls>
                    <TxDtls>
                        <Refs>
                            <InstrId>INNDNL2U20240125002710110024996</InstrId>
                            <EndToEndId>NOTPROVIDED</EndToEndId>
                            <TxId>CPU7E7PVY5F46VO6TTKCIGBW6FD3</TxId>
                        </Refs>
                        <AmtDtls>
                            <InstdAmt>
                                <Amt Ccy="EUR">4.20</Amt>
                            </InstdAmt>
                        </AmtDtls>
                        <RltdPties>
                            <Dbtr>
                                <Nm>a Acchouder 1a, a Acchouder 2</Nm>
                            </Dbtr>
                            <DbtrAcct>
                                <Id>
                                    <IBAN>NL94COBA0678011583</IBAN>
                                </Id>
                            </DbtrAcct>
                        </RltdPties>
                        <RltdAgts>
                            <DbtrAgt>
                                <FinInstnId>
                                    <BIC>INGBNL2A</BIC>
                                </FinInstnId>
                            </DbtrAgt>
                        </RltdAgts>
                    </TxDtls>
                </NtryDtls>
                <AddtlNtryInf>NL94COBA0678011583-a Acchouder 1a, a Acchouder 2</AddtlNtryInf>
            </Ntry>
            <Ntry>
                <NtryRef>20250125-1749462</NtryRef>
                <Amt Ccy="EUR">3.45</Amt>
                <CdtDbtInd>DBIT</CdtDbtInd>
                <RvslInd>false</RvslInd>
                <Sts>BOOK</Sts>
                <BookgDt>
                    <Dt>2025-01-25</Dt>
                </BookgDt>
                <ValDt>
                    <Dt>2025-01-25</Dt>
                </ValDt>
                <BkTxCd>
                    <Domn>
                        <Cd>ACMT</Cd>
                        <Fmly>
                            <Cd>MDOP</Cd>
                            <SubFmlyCd>CHRG</SubFmlyCd>
                        </Fmly>
                    </Domn>
                    <Prtry>
                        <Cd>7241</Cd>
                        <Issr>SNSBANK</Issr>
                    </Prtry>
                </BkTxCd>
                <NtryDtls>
                    <TxDtls/>
                </NtryDtls>
                <AddtlNtryInf>Kosten gebruik betaalrekening inclusief 1 betaalpas</AddtlNtryInf>
            </Ntry>
            <Ntry>
                <NtryRef>20250125-1749472</NtryRef>
                <Amt Ccy="EUR">0.75</Amt>
                <CdtDbtInd>DBIT</CdtDbtInd>
                <RvslInd>false</RvslInd>
                <Sts>BOOK</Sts>
                <BookgDt>
                    <Dt>2025-01-25</Dt>
                </BookgDt>
                <ValDt>
                    <Dt>2025-01-25</Dt>
                </ValDt>
                <BkTxCd>
                    <Domn>
                        <Cd>PMNT</Cd>
                        <Fmly>
                            <Cd>CCRD</Cd>
                            <SubFmlyCd>CHRG</SubFmlyCd>
                        </Fmly>
                    </Domn>
                    <Prtry>
                        <Cd>7227</Cd>
                        <Issr>SNSBANK</Issr>
                    </Prtry>
                </BkTxCd>
                <NtryDtls>
                    <TxDtls/>
                </NtryDtls>
                <AddtlNtryInf>Kosten extra betaalpas met nr. 005</AddtlNtryInf>
            </Ntry>
        </Stmt>


    </BkToCstmrStmt>
</Document>
