<?xml version="1.0" encoding="UTF-8" standalone="yes"?>
<Document xmlns="urn:iso:std:iso:20022:tech:xsd:camt.053.001.02">
    <BkToCstmrStmt>
        <GrpHdr>
            <MsgId>CAMT053SNS000000000029</MsgId>
            <CreDtTm>2023-06-01T15:21:18.712987+02:00</CreDtTm>
        </GrpHdr>
        <Stmt>
            <Id>CAMT05300000000002900001</Id>
            <ElctrncSeqNb>23152</ElctrncSeqNb>
            <CreDtTm>2023-06-01T15:21:18.845189+02:00</CreDtTm>
            <Acct>
                <Id>
                    <IBAN>NL75FVLB0105564737</IBAN>
                </Id>
                <Ccy>EUR</Ccy>
                <Svcr>
                    <FinInstnId>
                        <BIC>SNSBNL2A</BIC>
                    </FinInstnId>
                </Svcr>
            </Acct>
            <Bal>
                <Tp>
                    <CdOrPrtry>
                        <Cd>OPBD</Cd>
                    </CdOrPrtry>
                </Tp>
                <Amt Ccy="EUR">16680.72</Amt>
                <CdtDbtInd>CRDT</CdtDbtInd>
                <Dt>
                    <Dt>2023-05-05</Dt>
                </Dt>
            </Bal>
            <Bal>
                <Tp>
                    <CdOrPrtry>
                        <Cd>CLBD</Cd>
                    </CdOrPrtry>
                </Tp>
                <Amt Ccy="EUR">16687.56</Amt>
                <CdtDbtInd>CRDT</CdtDbtInd>
                <Dt>
                    <Dt>2023-05-05</Dt>
                </Dt>
            </Bal>
            <Ntry>
                <NtryRef>20230505-11800332</NtryRef>
                <Amt Ccy="EUR">6.84</Amt>
                <CdtDbtInd>CRDT</CdtDbtInd>
                <RvslInd>false</RvslInd>
                <Sts>BOOK</Sts>
                <BookgDt>
                    <Dt>2023-05-05</Dt>
                </BookgDt>
                <ValDt>
                    <Dt>2023-05-01</Dt>
                </ValDt>
                <BkTxCd>
                    <Prtry>
                        <Cd>6607</Cd>
                        <Issr>SNSBANK</Issr>
                    </Prtry>
                </BkTxCd>
                <NtryDtls>
                    <TxDtls>
                        <RmtInf>
                            <Ustrd>Rente over positief saldo tot 01-05-23</Ustrd>
                        </RmtInf>
                    </TxDtls>
                </NtryDtls>
            </Ntry>
        </Stmt>
        <Stmt>
            <Id>CAMT05300000000002900002</Id>
            <ElctrncSeqNb>23152</ElctrncSeqNb>
            <CreDtTm>2023-06-01T15:21:18.94419+02:00</CreDtTm>
            <Acct>
                <Id>
                    <IBAN>NL45TRIO0953178943</IBAN>
                </Id>
                <Ccy>EUR</Ccy>
                <Svcr>
                    <FinInstnId>
                        <BIC>SNSBNL2A</BIC>
                    </FinInstnId>
                </Svcr>
            </Acct>
            <Bal>
                <Tp>
                    <CdOrPrtry>
                        <Cd>OPBD</Cd>
                    </CdOrPrtry>
                </Tp>
                <Amt Ccy="EUR">10010.73</Amt>
                <CdtDbtInd>CRDT</CdtDbtInd>
                <Dt>
                    <Dt>2023-05-05</Dt>
                </Dt>
            </Bal>
            <Bal>
                <Tp>
                    <CdOrPrtry>
                        <Cd>CLBD</Cd>
                    </CdOrPrtry>
                </Tp>
                <Amt Ccy="EUR">10014.83</Amt>
                <CdtDbtInd>CRDT</CdtDbtInd>
                <Dt>
                    <Dt>2023-05-05</Dt>
                </Dt>
            </Bal>
            <Ntry>
                <NtryRef>20230505-92204053</NtryRef>
                <Amt Ccy="EUR">4.1</Amt>
                <CdtDbtInd>CRDT</CdtDbtInd>
                <RvslInd>false</RvslInd>
                <Sts>BOOK</Sts>
                <BookgDt>
                    <Dt>2023-05-05</Dt>
                </BookgDt>
                <ValDt>
                    <Dt>2023-05-01</Dt>
                </ValDt>
                <BkTxCd>
                    <Prtry>
                        <Cd>6607</Cd>
                        <Issr>SNSBANK</Issr>
                    </Prtry>
                </BkTxCd>
                <NtryDtls>
                    <TxDtls>
                        <RmtInf>
                            <Ustrd>Rente over positief saldo tot 01-05-23</Ustrd>
                        </RmtInf>
                    </TxDtls>
                </NtryDtls>
            </Ntry>
        </Stmt>
        <Stmt>
            <Id>CAMT05300000000002900003</Id>
            <ElctrncSeqNb>23152</ElctrncSeqNb>
            <CreDtTm>2023-06-01T15:21:19.078184+02:00</CreDtTm>
            <Acct>
                <Id>
                    <IBAN>NL20LPLN0892606304</IBAN>
                </Id>
                <Ccy>EUR</Ccy>
                <Svcr>
                    <FinInstnId>
                        <BIC>SNSBNL2A</BIC>
                    </FinInstnId>
                </Svcr>
            </Acct>
            <Bal>
                <Tp>
                    <CdOrPrtry>
                        <Cd>OPBD</Cd>
                    </CdOrPrtry>
                </Tp>
                <Amt Ccy="EUR">250</Amt>
                <CdtDbtInd>CRDT</CdtDbtInd>
                <Dt>
                    <Dt>2023-05-24</Dt>
                </Dt>
            </Bal>
            <Bal>
                <Tp>
                    <CdOrPrtry>
                        <Cd>CLBD</Cd>
                    </CdOrPrtry>
                </Tp>
                <Amt Ccy="EUR">250.00</Amt>
                <CdtDbtInd>CRDT</CdtDbtInd>
                <Dt>
                    <Dt>2023-05-24</Dt>
                </Dt>
            </Bal>
            <Ntry>
                <NtryRef>20230525-876868</NtryRef>
                <Amt Ccy="EUR">0.75</Amt>
                <CdtDbtInd>DBIT</CdtDbtInd>
                <RvslInd>false</RvslInd>
                <Sts>BOOK</Sts>
                <BookgDt>
                    <Dt>2023-05-24</Dt>
                </BookgDt>
                <ValDt>
                    <Dt>2023-05-24</Dt>
                </ValDt>
                <BkTxCd>
                    <Prtry>
                        <Cd>7227</Cd>
                        <Issr>SNSBANK</Issr>
                    </Prtry>
                </BkTxCd>
                <NtryDtls>
                    <TxDtls>
                        <RmtInf>
                            <Ustrd>Kosten extra betaalpas met nr. 005</Ustrd>
                        </RmtInf>
                    </TxDtls>
                </NtryDtls>
            </Ntry>
            <Ntry>
                <NtryRef>20230525-876858</NtryRef>
                <Amt Ccy="EUR">2.55</Amt>
                <CdtDbtInd>DBIT</CdtDbtInd>
                <RvslInd>false</RvslInd>
                <Sts>BOOK</Sts>
                <BookgDt>
                    <Dt>2023-05-24</Dt>
                </BookgDt>
                <ValDt>
                    <Dt>2023-05-24</Dt>
                </ValDt>
                <BkTxCd>
                    <Prtry>
                        <Cd>7241</Cd>
                        <Issr>SNSBANK</Issr>
                    </Prtry>
                </BkTxCd>
                <NtryDtls>
                    <TxDtls>
                        <RmtInf>
                            <Ustrd>Kosten gebruik betaalrekening inclusief 1 betaalpas</Ustrd>
                        </RmtInf>
                    </TxDtls>
                </NtryDtls>
            </Ntry>
            <Ntry>
                <NtryRef>20230524-503342</NtryRef>
                <Amt Ccy="EUR">3.3</Amt>
                <CdtDbtInd>CRDT</CdtDbtInd>
                <RvslInd>false</RvslInd>
                <Sts>BOOK</Sts>
                <BookgDt>
                    <Dt>2023-05-24</Dt>
                </BookgDt>
                <ValDt>
                    <Dt>2023-05-24</Dt>
                </ValDt>
                <BkTxCd>
                    <Prtry>
                        <Cd>8809</Cd>
                        <Issr>SNSBANK</Issr>
                    </Prtry>
                </BkTxCd>
                <NtryDtls>
                    <TxDtls>
                        <Refs>
                            <InstrId>INNDNL2U20240523000158310020266</InstrId>
                            <EndToEndId>NOTPROVIDED</EndToEndId>
                            <TxId>CPU4YFHBLHF954UUXX9Y0HYAT1TN</TxId>
                        </Refs>
                        <RltdPties>
                            <Dbtr>
<Nm>a Acchouder 1a, a Acchouder 2</Nm>
                            </Dbtr>
                            <DbtrAcct>
<Id>
    <IBAN>NL94COBA0678011583</IBAN>
</Id>
                            </DbtrAcct>
                        </RltdPties>
                        <RltdAgts>
                            <DbtrAgt>
<FinInstnId>
    <BIC>INGBNL2A</BIC>
</FinInstnId>
                            </DbtrAgt>
                        </RltdAgts>
                        <RmtInf>
                            <Ustrd>Bankkosten</Ustrd>
                        </RmtInf>
                    </TxDtls>
                </NtryDtls>
            </Ntry>
        </Stmt>
        <Stmt>
            <Id>CAMT05300000000002900004</Id>
            <ElctrncSeqNb>23152</ElctrncSeqNb>
            <CreDtTm>2023-06-01T15:21:19.222506+02:00</CreDtTm>
            <Acct>
                <Id>
                    <IBAN>NL38RABO0192584529</IBAN>
                </Id>
                <Ccy>EUR</Ccy>
                <Svcr>
                    <FinInstnId>
                        <BIC>SNSBNL2A</BIC>
                    </FinInstnId>
                </Svcr>
            </Acct>
            <Bal>
                <Tp>
                    <CdOrPrtry>
                        <Cd>OPBD</Cd>
                    </CdOrPrtry>
                </Tp>
                <Amt Ccy="EUR">0</Amt>
                <CdtDbtInd>CRDT</CdtDbtInd>
                <Dt>
                    <Dt>2023-05-05</Dt>
                </Dt>
            </Bal>
            <Bal>
                <Tp>
                    <CdOrPrtry>
                        <Cd>CLBD</Cd>
                    </CdOrPrtry>
                </Tp>
                <Amt Ccy="EUR">0.00</Amt>
                <CdtDbtInd>CRDT</CdtDbtInd>
                <Dt>
                    <Dt>2023-05-09</Dt>
                </Dt>
            </Bal>
            <Ntry>
                <NtryRef>20230510-20123767</NtryRef>
                <Amt Ccy="EUR">363.75</Amt>
                <CdtDbtInd>DBIT</CdtDbtInd>
                <RvslInd>false</RvslInd>
                <Sts>BOOK</Sts>
                <BookgDt>
                    <Dt>2023-05-09</Dt>
                </BookgDt>
                <ValDt>
                    <Dt>2023-05-11</Dt>
                </ValDt>
                <BkTxCd>
                    <Prtry>
                        <Cd>9200</Cd>
                        <Issr>SNSBANK</Issr>
                    </Prtry>
                </BkTxCd>
                <NtryDtls>
                    <TxDtls>
                        <RmtInf>
                            <Ustrd>Voor u gekocht via Euronext Fund Services: 6,3042 Participaties ASN Duurzaam Mixfonds Neutraal aEUR 57,70. Valutadatum: 11/05/2023. Positie </Ustrd>
                            <Ustrd>na transactie: 434,2441 ASN Duurzaam Mixfonds Neutraal. (Trans.nr. 24712542)</Ustrd>
                        </RmtInf>
                    </TxDtls>
                </NtryDtls>
            </Ntry>
            <Ntry>
                <NtryRef>20230510-20123766</NtryRef>
                <Amt Ccy="EUR">75.44</Amt>
                <CdtDbtInd>DBIT</CdtDbtInd>
                <RvslInd>false</RvslInd>
                <Sts>BOOK</Sts>
                <BookgDt>
                    <Dt>2023-05-09</Dt>
                </BookgDt>
                <ValDt>
                    <Dt>2023-05-11</Dt>
                </ValDt>
                <BkTxCd>
                    <Prtry>
                        <Cd>9200</Cd>
                        <Issr>SNSBANK</Issr>
                    </Prtry>
                </BkTxCd>
                <NtryDtls>
                    <TxDtls>
                        <RmtInf>
                            <Ustrd>Voor u gekocht via Euronext Fund Services: 1,4505 Participaties ASN Duurzaam Mixfonds Defensief a EUR 52,01. Valutadatum: 11/05/2023. Positi</Ustrd>
                            <Ustrd>e na transactie: 94,8511 ASN Duurzaam Mixfonds Defensief. (Trans.nr. 24647328)</Ustrd>
                        </RmtInf>
                    </TxDtls>
                </NtryDtls>
            </Ntry>
            <Ntry>
                <NtryRef>20230506-20140343</NtryRef>
                <Amt Ccy="EUR">363.75</Amt>
                <CdtDbtInd>CRDT</CdtDbtInd>
                <RvslInd>false</RvslInd>
                <Sts>BOOK</Sts>
                <BookgDt>
                    <Dt>2023-05-05</Dt>
                </BookgDt>
                <ValDt>
                    <Dt>2023-05-05</Dt>
                </ValDt>
                <BkTxCd>
                    <Prtry>
                        <Cd>8200</Cd>
                        <Issr>SNSBANK</Issr>
                    </Prtry>
                </BkTxCd>
                <NtryDtls>
                    <TxDtls>
                        <RmtInf>
                            <Ustrd>Tekst33 cash dividend ASN Duurzaam Mixfonds Neutraal van EUR 427,94. Dividendbelasting (15%): EUR 64,19. (Trans.nr. 24141669) Het bedrag E</Ustrd>
                            <Ustrd>UR 363,75 wordt de eerstvolgende handelsdag herbelegd.</Ustrd>
                        </RmtInf>
                    </TxDtls>
                </NtryDtls>
            </Ntry>
            <Ntry>
                <NtryRef>20230506-20140342</NtryRef>
                <Amt Ccy="EUR">75.44</Amt>
                <CdtDbtInd>CRDT</CdtDbtInd>
                <RvslInd>false</RvslInd>
                <Sts>BOOK</Sts>
                <BookgDt>
                    <Dt>2023-05-05</Dt>
                </BookgDt>
                <ValDt>
                    <Dt>2023-05-05</Dt>
                </ValDt>
                <BkTxCd>
                    <Prtry>
                        <Cd>8200</Cd>
                        <Issr>SNSBANK</Issr>
                    </Prtry>
                </BkTxCd>
                <NtryDtls>
                    <TxDtls>
                        <RmtInf>
                            <Ustrd>Tekst33 cash dividend ASN Duurzaam Mixfonds Defensief van EUR 88,74. Dividendbelasting (15%): EUR 13,30. (Trans.nr. 24055379) Het bedrag E</Ustrd>
                            <Ustrd>UR 75,44 wordt de eerstvolgende handelsdag herbelegd.</Ustrd>
                        </RmtInf>
                    </TxDtls>
                </NtryDtls>
            </Ntry>
        </Stmt>
    </BkToCstmrStmt>
</Document>
