<?xml version="1.0" encoding="UTF-8" standalone="yes"?>
<Document xmlns="urn:iso:std:iso:20022:tech:xsd:camt.053.001.02">
    <BkToCstmrStmt>
        <GrpHdr>
            <MsgId>CAMT053SNS172649619920</MsgId>
            <CreDtTm>2024-09-16T16:16:39.208749+02:00</CreDtTm>
        </GrpHdr>
        <Stmt>
            <Id>CAMT05317264961992000000</Id>
            <ElctrncSeqNb>24260</ElctrncSeqNb>
            <CreDtTm>2024-09-16T16:16:39.208557+02:00</CreDtTm>
            <Acct>
                <Id>
                    <IBAN>NL38RABO0192584529</IBAN>
                </Id>
                <Ccy>EUR</Ccy>
                <Svcr>
                    <FinInstnId>
                        <BIC>SNSBNL2A</BIC>
                    </FinInstnId>
                </Svcr>
            </Acct>
            <Bal>
                <Tp>
                    <CdOrPrtry>
                        <Cd>OPBD</Cd>
                    </CdOrPrtry>
                </Tp>
                <Amt Ccy="EUR">0.00</Amt>
                <CdtDbtInd>CRDT</CdtDbtInd>
                <Dt>
                    <Dt>2024-07-31</Dt>
                </Dt>
            </Bal>
            <Bal>
                <Tp>
                    <CdOrPrtry>
                        <Cd>CLBD</Cd>
                    </CdOrPrtry>
                </Tp>
                <Amt Ccy="EUR">0.00</Amt>
                <CdtDbtInd>CRDT</CdtDbtInd>
                <Dt>
                    <Dt>2024-09-16</Dt>
                </Dt>
            </Bal>
        </Stmt>
        <Stmt>
            <Id>CAMT05317264961992000000</Id>
            <ElctrncSeqNb>24260</ElctrncSeqNb>
            <CreDtTm>2024-09-16T16:16:39.208604+02:00</CreDtTm>
            <Acct>
                <Id>
                    <IBAN>NL45TRIO0953178943</IBAN>
                </Id>
                <Ccy>EUR</Ccy>
                <Svcr>
                    <FinInstnId>
                        <BIC>SNSBNL2A</BIC>
                    </FinInstnId>
                </Svcr>
            </Acct>
            <Bal>
                <Tp>
                    <CdOrPrtry>
                        <Cd>OPBD</Cd>
                    </CdOrPrtry>
                </Tp>
                <Amt Ccy="EUR">10184.51</Amt>
                <CdtDbtInd>CRDT</CdtDbtInd>
                <Dt>
                    <Dt>2024-07-31</Dt>
                </Dt>
            </Bal>
            <Bal>
                <Tp>
                    <CdOrPrtry>
                        <Cd>CLBD</Cd>
                    </CdOrPrtry>
                </Tp>
                <Amt Ccy="EUR">10215.33</Amt>
                <CdtDbtInd>CRDT</CdtDbtInd>
                <Dt>
                    <Dt>2024-09-16</Dt>
                </Dt>
            </Bal>
            <Ntry>
                <NtryRef>20240805-2056749</NtryRef>
                <Amt Ccy="EUR">15.40</Amt>
                <CdtDbtInd>CRDT</CdtDbtInd>
                <RvslInd>false</RvslInd>
                <Sts>BOOK</Sts>
                <BookgDt>
                    <Dt>2024-08-05</Dt>
                </BookgDt>
                <ValDt>
                    <Dt>2024-08-01</Dt>
                </ValDt>
                <BkTxCd>
                    <Domn>
                        <Cd>ACMT</Cd>
                        <Fmly>
                            <Cd>MCOP</Cd>
                            <SubFmlyCd>INTR</SubFmlyCd>
                        </Fmly>
                    </Domn>
                    <Prtry>
                        <Cd>6607</Cd>
                        <Issr>SNSBANK</Issr>
                    </Prtry>
                </BkTxCd>
                <NtryDtls>
                    <TxDtls/>
                </NtryDtls>
                <AddtlNtryInf>Rente over positief saldo tot 01-08-24</AddtlNtryInf>
            </Ntry>
            <Ntry>
                <NtryRef>20240905-2037820</NtryRef>
                <Amt Ccy="EUR">15.42</Amt>
                <CdtDbtInd>CRDT</CdtDbtInd>
                <RvslInd>false</RvslInd>
                <Sts>BOOK</Sts>
                <BookgDt>
                    <Dt>2024-09-05</Dt>
                </BookgDt>
                <ValDt>
                    <Dt>2024-09-01</Dt>
                </ValDt>
                <BkTxCd>
                    <Domn>
                        <Cd>ACMT</Cd>
                        <Fmly>
                            <Cd>MCOP</Cd>
                            <SubFmlyCd>INTR</SubFmlyCd>
                        </Fmly>
                    </Domn>
                    <Prtry>
                        <Cd>6607</Cd>
                        <Issr>SNSBANK</Issr>
                    </Prtry>
                </BkTxCd>
                <NtryDtls>
                    <TxDtls/>
                </NtryDtls>
                <AddtlNtryInf>Rente over positief saldo tot 01-09-24</AddtlNtryInf>
            </Ntry>
        </Stmt>
        <Stmt>
            <Id>CAMT05317264961992000000</Id>
            <ElctrncSeqNb>24260</ElctrncSeqNb>
            <CreDtTm>2024-09-16T16:16:39.208688+02:00</CreDtTm>
            <Acct>
                <Id>
                    <IBAN>NL75FVLB0105564737</IBAN>
                </Id>
                <Ccy>EUR</Ccy>
                <Svcr>
                    <FinInstnId>
                        <BIC>SNSBNL2A</BIC>
                    </FinInstnId>
                </Svcr>
            </Acct>
            <Bal>
                <Tp>
                    <CdOrPrtry>
                        <Cd>OPBD</Cd>
                    </CdOrPrtry>
                </Tp>
                <Amt Ccy="EUR">16970.28</Amt>
                <CdtDbtInd>CRDT</CdtDbtInd>
                <Dt>
                    <Dt>2024-07-31</Dt>
                </Dt>
            </Bal>
            <Bal>
                <Tp>
                    <CdOrPrtry>
                        <Cd>CLBD</Cd>
                    </CdOrPrtry>
                </Tp>
                <Amt Ccy="EUR">17021.64</Amt>
                <CdtDbtInd>CRDT</CdtDbtInd>
                <Dt>
                    <Dt>2024-09-16</Dt>
                </Dt>
            </Bal>
            <Ntry>
                <NtryRef>20240805-1753146</NtryRef>
                <Amt Ccy="EUR">25.66</Amt>
                <CdtDbtInd>CRDT</CdtDbtInd>
                <RvslInd>false</RvslInd>
                <Sts>BOOK</Sts>
                <BookgDt>
                    <Dt>2024-08-05</Dt>
                </BookgDt>
                <ValDt>
                    <Dt>2024-08-01</Dt>
                </ValDt>
                <BkTxCd>
                    <Domn>
                        <Cd>ACMT</Cd>
                        <Fmly>
                            <Cd>MCOP</Cd>
                            <SubFmlyCd>INTR</SubFmlyCd>
                        </Fmly>
                    </Domn>
                    <Prtry>
                        <Cd>6607</Cd>
                        <Issr>SNSBANK</Issr>
                    </Prtry>
                </BkTxCd>
                <NtryDtls>
                    <TxDtls/>
                </NtryDtls>
                <AddtlNtryInf>Rente over positief saldo tot 01-08-24</AddtlNtryInf>
            </Ntry>
            <Ntry>
                <NtryRef>20240905-1732274</NtryRef>
                <Amt Ccy="EUR">25.70</Amt>
                <CdtDbtInd>CRDT</CdtDbtInd>
                <RvslInd>false</RvslInd>
                <Sts>BOOK</Sts>
                <BookgDt>
                    <Dt>2024-09-05</Dt>
                </BookgDt>
                <ValDt>
                    <Dt>2024-09-01</Dt>
                </ValDt>
                <BkTxCd>
                    <Domn>
                        <Cd>ACMT</Cd>
                        <Fmly>
                            <Cd>MCOP</Cd>
                            <SubFmlyCd>INTR</SubFmlyCd>
                        </Fmly>
                    </Domn>
                    <Prtry>
                        <Cd>6607</Cd>
                        <Issr>SNSBANK</Issr>
                    </Prtry>
                </BkTxCd>
                <NtryDtls>
                    <TxDtls/>
                </NtryDtls>
                <AddtlNtryInf>Rente over positief saldo tot 01-09-24</AddtlNtryInf>
            </Ntry>
        </Stmt>
        <Stmt>
            <Id>CAMT05317264961992000000</Id>
            <ElctrncSeqNb>24260</ElctrncSeqNb>
            <CreDtTm>2024-09-16T16:16:39.20871+02:00</CreDtTm>
            <Acct>
                <Id>
                    <IBAN>NL20LPLN0892606304</IBAN>
                </Id>
                <Ccy>EUR</Ccy>
                <Svcr>
                    <FinInstnId>
                        <BIC>SNSBNL2A</BIC>
                    </FinInstnId>
                </Svcr>
            </Acct>
            <Bal>
                <Tp>
                    <CdOrPrtry>
                        <Cd>OPBD</Cd>
                    </CdOrPrtry>
                </Tp>
                <Amt Ccy="EUR">250.00</Amt>
                <CdtDbtInd>CRDT</CdtDbtInd>
                <Dt>
                    <Dt>2024-07-31</Dt>
                </Dt>
            </Bal>
            <Bal>
                <Tp>
                    <CdOrPrtry>
                        <Cd>CLBD</Cd>
                    </CdOrPrtry>
                </Tp>
                <Amt Ccy="EUR">250.00</Amt>
                <CdtDbtInd>CRDT</CdtDbtInd>
                <Dt>
                    <Dt>2024-09-16</Dt>
                </Dt>
            </Bal>
            <Ntry>
                <NtryRef>20240806-1887990</NtryRef>
                <Amt Ccy="EUR">1.00</Amt>
                <CdtDbtInd>DBIT</CdtDbtInd>
                <RvslInd>false</RvslInd>
                <Sts>BOOK</Sts>
                <BookgDt>
                    <Dt>2024-08-06</Dt>
                </BookgDt>
                <ValDt>
                    <Dt>2024-08-06</Dt>
                </ValDt>
                <BkTxCd>
                    <Domn>
                        <Cd>PMNT</Cd>
                        <Fmly>
                            <Cd>CCRD</Cd>
                            <SubFmlyCd>POSD</SubFmlyCd>
                        </Fmly>
                    </Domn>
                    <Prtry>
                        <Cd>7913</Cd>
                        <Issr>SNSBANK</Issr>
                    </Prtry>
                </BkTxCd>
                <NtryDtls>
                    <TxDtls/>
                </NtryDtls>
                <AddtlNtryInf>Jumbo      &gt;HOEVELAKE 6.08.2024 15U33 KV005 ZF2708 MCC:5411 Contactloze betaling NLNEDERLAND</AddtlNtryInf>
            </Ntry>
            <Ntry>
                <NtryRef>20240806-1967582</NtryRef>
                <Amt Ccy="EUR">1.00</Amt>
                <CdtDbtInd>CRDT</CdtDbtInd>
                <RvslInd>false</RvslInd>
                <Sts>BOOK</Sts>
                <BookgDt>
                    <Dt>2024-08-06</Dt>
                </BookgDt>
                <ValDt>
                    <Dt>2024-08-06</Dt>
                </ValDt>
                <BkTxCd>
                    <Domn>
                        <Cd>PMNT</Cd>
                        <Fmly>
                            <Cd>RRCT</Cd>
                            <SubFmlyCd>ESCT</SubFmlyCd>
                        </Fmly>
                    </Domn>
                    <Prtry>
                        <Cd>8949</Cd>
                        <Issr>SNSBANK</Issr>
                    </Prtry>
                </BkTxCd>
                <NtryDtls>
                    <TxDtls>
                        <Refs>
                            <InstrId>INNDNL2U2024080600161511000000001</InstrId>
                            <EndToEndId>NOTPROVIDED</EndToEndId>
                            <TxId>CPUA3HWY5YQTQ5TOOSRWIIOYL7G4</TxId>
                        </Refs>
                        <AmtDtls>
                            <InstdAmt>
                                <Amt Ccy="EUR">1.00</Amt>
                            </InstdAmt>
                        </AmtDtls>
                        <RltdPties>
                            <Dbtr>
                                <Nm>a Acchouder 1a, a Acchouder 2</Nm>
                            </Dbtr>
                            <DbtrAcct>
                                <Id>
                                    <IBAN>NL94COBA0678011583</IBAN>
                                </Id>
                            </DbtrAcct>
                        </RltdPties>
                        <RltdAgts>
                            <DbtrAgt>
                                <FinInstnId>
                                    <BIC>INGBNL2A</BIC>
                                </FinInstnId>
                            </DbtrAgt>
                        </RltdAgts>
                        <RmtInf>
                            <Ustrd>Stokbrood Jumbo</Ustrd>
                        </RmtInf>
                    </TxDtls>
                </NtryDtls>
                <AddtlNtryInf>NL94COBA0678011583-a Acchouder 1a, a Acchouder 2-Stokbrood Jumbo</AddtlNtryInf>
            </Ntry>
            <Ntry>
                <NtryRef>20240825-1803839</NtryRef>
                <Amt Ccy="EUR">3.45</Amt>
                <CdtDbtInd>DBIT</CdtDbtInd>
                <RvslInd>false</RvslInd>
                <Sts>BOOK</Sts>
                <BookgDt>
                    <Dt>2024-08-25</Dt>
                </BookgDt>
                <ValDt>
                    <Dt>2024-08-25</Dt>
                </ValDt>
                <BkTxCd>
                    <Domn>
                        <Cd>ACMT</Cd>
                        <Fmly>
                            <Cd>MDOP</Cd>
                            <SubFmlyCd>CHRG</SubFmlyCd>
                        </Fmly>
                    </Domn>
                    <Prtry>
                        <Cd>7241</Cd>
                        <Issr>SNSBANK</Issr>
                    </Prtry>
                </BkTxCd>
                <NtryDtls>
                    <TxDtls/>
                </NtryDtls>
                <AddtlNtryInf>Kosten gebruik betaalrekening inclusief 1 betaalpas</AddtlNtryInf>
            </Ntry>
            <Ntry>
                <NtryRef>20240825-1803851</NtryRef>
                <Amt Ccy="EUR">0.75</Amt>
                <CdtDbtInd>DBIT</CdtDbtInd>
                <RvslInd>false</RvslInd>
                <Sts>BOOK</Sts>
                <BookgDt>
                    <Dt>2024-08-25</Dt>
                </BookgDt>
                <ValDt>
                    <Dt>2024-08-25</Dt>
                </ValDt>
                <BkTxCd>
                    <Domn>
                        <Cd>PMNT</Cd>
                        <Fmly>
                            <Cd>CCRD</Cd>
                            <SubFmlyCd>CHRG</SubFmlyCd>
                        </Fmly>
                    </Domn>
                    <Prtry>
                        <Cd>7227</Cd>
                        <Issr>SNSBANK</Issr>
                    </Prtry>
                </BkTxCd>
                <NtryDtls>
                    <TxDtls/>
                </NtryDtls>
                <AddtlNtryInf>Kosten extra betaalpas met nr. 005</AddtlNtryInf>
            </Ntry>
            <Ntry>
                <NtryRef>20240826-592831</NtryRef>
                <Amt Ccy="EUR">4.20</Amt>
                <CdtDbtInd>CRDT</CdtDbtInd>
                <RvslInd>false</RvslInd>
                <Sts>BOOK</Sts>
                <BookgDt>
                    <Dt>2024-08-26</Dt>
                </BookgDt>
                <ValDt>
                    <Dt>2024-08-26</Dt>
                </ValDt>
                <BkTxCd>
                    <Domn>
                        <Cd>PMNT</Cd>
                        <Fmly>
                            <Cd>RCDT</Cd>
                            <SubFmlyCd>ESCT</SubFmlyCd>
                        </Fmly>
                    </Domn>
                    <Prtry>
                        <Cd>8809</Cd>
                        <Issr>SNSBANK</Issr>
                    </Prtry>
                </BkTxCd>
                <NtryDtls>
                    <TxDtls>
                        <Refs>
                            <InstrId>INNDNL2U20260824002420110002820</InstrId>
                            <EndToEndId>NOTPROVIDED</EndToEndId>
                            <TxId>CPU26COEVO7IWLLWVOHO73W0EFPG</TxId>
                        </Refs>
                        <AmtDtls>
                            <InstdAmt>
                                <Amt Ccy="EUR">4.20</Amt>
                            </InstdAmt>
                        </AmtDtls>
                        <RltdPties>
                            <Dbtr>
                                <Nm>a Acchouder 1a, a Acchouder 2</Nm>
                            </Dbtr>
                            <DbtrAcct>
                                <Id>
                                    <IBAN>NL94COBA0678011583</IBAN>
                                </Id>
                            </DbtrAcct>
                        </RltdPties>
                        <RltdAgts>
                            <DbtrAgt>
                                <FinInstnId>
                                    <BIC>INGBNL2A</BIC>
                                </FinInstnId>
                            </DbtrAgt>
                        </RltdAgts>
                    </TxDtls>
                </NtryDtls>
                <AddtlNtryInf>NL94COBA0678011583-a Acchouder 1a, a Acchouder 2</AddtlNtryInf>
            </Ntry>
        </Stmt>
    </BkToCstmrStmt>
</Document>
